@online{TychoData,
	  author = {University of Pittsburgh},
	  title = {Project Tycho Data For Health},
	  year = 2015,
	  url = {https://www.tycho.pitt.edu/},
	  urldate = {2017-03-10}
}

@book{mej2010networks,
	  title={Networks: an introduction},
	  author={MEJ, Newman},
	  year={2010},
	  publisher={Oxford University Press, Oxford}
}
%
@book{jackson2010social,
	 title={Social and economic networks},
	 author={Jackson, Matthew O},
	 year={2010},
	 publisher={Princeton university press}
}
%
@misc{ wiki:general,
	author = "Wikipedia",
	year = "2017",
	url = "\url{http://en.wikipedia.org/}",
	note = "[Online; accessed 10-January-2017]"
}
%
@book{keeling2008modeling,
	  title={Modeling infectious diseases in humans and animals},
	    author={Keeling, Matt J and Rohani, Pejman},
	      year={2008},
	        publisher={Princeton University Press}
}
%
@ARTICLE{Figueredo:2009dg,
   author = {Figueredo, A.~J. and Wolf, P. S.~A.},
   title = {Assortative pairing and life history strategy - a cross-cultural study.},
   journal = {Human Nature},
   volume = {20},
   pages = {317-330},
   year = {2009}
}
%
@misc{carpha:2014,
  author = {CARPHA},
  title = {Total Reported Cases of Chikungunya in Caribbean Countries or Territories and Neighbouring Mainland Countries},
  year = 2014,
  url = {http://carpha.org/What-We-Do/Public-Health-Activities/Chikungunya},
  urldate = {2016-05-10}
}
@misc{carpha:2016,
  author = {CARPHA},
  title = {Total Reported Cases of Chikungunya in Caribbean Countries or Territories and Neighbouring Mainland Countries},
  year = 2016,
  url = {http://carpha.org/What-We-Do/Public-Health-Activities/Chikungunya},
  urldate = {2016-05-10}
}
%
@article{robinson1955epidemic,
  title={An epidemic of virus disease in Southern Province, Tanganyika territory, in 1952--1953},
  author={Robinson, Marion C},
  journal={Transactions of the Royal Society of Tropical Medicine and Hygiene},
  volume={49},
  number={1},
  pages={28--32},
  year={1955},
  publisher={Elsevier}
}
%
@article{jupp1988chikungunya,
  title={Chikungunya virus disease},
  author={Jupp, PG and McIntosh, BM},
  journal={The arboviruses: epidemiology and ecology},
  volume={2},
  pages={137--57},
  year={1988},
  publisher={CRC Press Florida}
}
@article{powers2000re,
  title={Re-emergence of Chikungunya and Oâ€™nyong-nyong viruses: evidence for distinct geographical lineages and distant evolutionary relationships},
  author={Powers, Ann M and Brault, Aaron C and Tesh, Robert B and Weaver, Scott C},
  journal={Journal of General Virology},
  volume={81},
  number={2},
  pages={471--479},
  year={2000},
  publisher={Microbiology Society}
}
@article{tsetsarkin2007single,
  title={A single mutation in chikungunya virus affects vector specificity and epidemic potential},
  author={Tsetsarkin, Konstantin A and Vanlandingham, Dana L and McGee, Charles E and Higgs, Stephen},
  journal={PLOS pathog},
  volume={3},
  number={12},
  pages={e201},
  year={2007},
  publisher={Public Library of Science}
}
@article{vazeille2007two,
  title={Two Chikungunya isolates from the outbreak of La Reunion (Indian Ocean) exhibit different patterns of infection in the mosquito, Aedes albopictus},
  author={Vazeille, Marie and Moutailler, Sara and Coudrier, Daniel and Rousseaux, Claudine and Khun, Huot and Huerre, Michel and Thiria, Julien and Dehecq, Jean-S{\'e}bastien and Fontenille, Didier and Schuffenecker, Isabelle and others},
  journal={PloS one},
  volume={2},
  number={11},
  pages={e1168},
  year={2007},
  publisher={Public Library of Science}
}
@article{lanciotti2007chikungunya,
  title={Chikungunya virus in US travelers returning from India, 2006},
  author={Lanciotti, Robert S and Kosoy, Olga L and Laven, Janeen J and Panella, Amanda J and Velez, Jason O and Lambert, Amy J and Campbell, Grant L},
  journal={Emerging infectious diseases},
  volume={13},
  number={5},
  pages={764},
  year={2007},
  publisher={NATIONAL CENTER FOR INFECTIOUS DISEASES}
}
@article{staples2009chikungunya,
  title={Chikungunya fever: an epidemiological review of a re-emerging infectious disease},
  author={Staples, J Erin and Breiman, Robert F and Powers, Ann M},
  journal={Clinical Infectious Diseases},
  volume={49},
  number={6},
  pages={942--948},
  year={2009},
  publisher={Oxford University Press}
}
@article{borgherini2007outbreak,
  title={Outbreak of chikungunya on Reunion Island: early clinical and laboratory features in 157 adult patients},
  author={Borgherini, Gianandrea and Poubeau, Patrice and Staikowsky, Frederik and Lory, Manuella and Le Moullec, Nathalie and Becquart, Jean Philippe and Wengling, Catherine and Michault, Alain and Paganin, Fabrice},
  journal={Clinical Infectious Diseases},
  volume={44},
  number={11},
  pages={1401--1407},
  year={2007},
  publisher={Oxford University Press}
}
@article{dommar2014agent,
  title={An agent-based model driven by tropical rainfall to understand the spatio-temporal heterogeneity of a chikungunya outbreak},
  author={Dommar, Carlos J and Lowe, Rachel and Robinson, Marguerite and Rod{\'o}, Xavier},
  journal={Acta tropica},
  volume={129},
  pages={61--73},
  year={2014},
  publisher={Elsevier}
}
@article{sergon2008seroprevalence,
  title={Seroprevalence of chikungunya virus (CHIKV) infection on Lamu Island, Kenya, October 2004},
  author={Sergon, Kibet and Njuguna, Charles and Kalani, Rosalia and Ofula, Victor and Onyango, Clayton and Konongoi, Limbaso S and Bedno, Sheryl and Burke, Heather and Dumilla, Athman M and Konde, Joseph and others},
  journal={The American journal of tropical medicine and hygiene},
  volume={78},
  number={2},
  pages={333--337},
  year={2008},
  publisher={ASTMH}
}
@article{sergon2007seroprevalence,
  title={Seroprevalence of Chikungunya virus infection on Grande Comore Island, union of the Comoros, 2005},
  author={Sergon, Kibet and Yahaya, Ali Ahmed and Brown, Jennifer and Bedja, Said A and Mlindasse, Mohammed and Agata, Naphtali and Allaranger, Yokouide and Ball, Mamadou D and Powers, Ann M and Ofula, Victor and others},
  journal={The American journal of tropical medicine and hygiene},
  volume={76},
  number={6},
  pages={1189--1193},
  year={2007},
  publisher={ASTMH}
}
@article{chretien2007chikungunya,
  title={Chikungunya in Europe: what's next?},
  author={Chretien, Jean-Paul and Linthicum, Kenneth J},
  journal={The Lancet},
  volume={370},
  number={9602},
  pages={1805--1806},
  year={2007},
  publisher={Elsevier}
}
@article{robinson2014model,
  title={A model for a chikungunya outbreak in a rural Cambodian setting: implications for disease control in uninfected areas},
  author={Robinson, Marguerite and Conan, Anne and Duong, Veasna and Ly, Sowath and Ngan, Chantha and Buchy, Philippe and Tarantola, Arnaud and Rodo, Xavier},
  journal={PLoS Negl Trop Dis},
  volume={8},
  number={9},
  pages={e3120},
  year={2014},
  publisher={Public Library of Science}
}
@article{fuks2001individual,
  title={Individual-based lattice model for spatial spread of epidemics},
  author={Fuks, Henryk and Lawniczak, Anna T},
  journal={Discrete Dynamics in Nature and Society},
  volume={6},
  number={3},
  pages={191--200},
  year={2001},
  publisher={Hindawi Publishing Corporation}
}
@article{newman2002spread,
  title={Spread of epidemic disease on networks},
  author={Newman, Mark EJ},
  journal={Physical review E},
  volume={66},
  number={1},
  pages={016128},
  year={2002},
  publisher={APS}
}
@article{bian2004conceptual,
  title={A conceptual framework for an individual-based spatially explicit epidemiological model},
  author={Bian, Ling},
  journal={Environment and Planning B: Planning and Design},
  volume={31},
  number={3},
  pages={381--395},
  year={2004},
  publisher={SAGE Publications}
}
@article{keeling2000bubonic,
  title={Bubonic plague: a metapopulation model of a zoonosis},
  author={Keeling, MJ and Gilligan, CA},
  journal={Proceedings of the Royal Society of London B: Biological Sciences},
  volume={267},
  number={1458},
  pages={2219--2230},
  year={2000},
  publisher={The Royal Society}
}
@article{riley2003transmission,
  title={Transmission dynamics of the etiological agent of SARS in Hong Kong: impact of public health interventions},
  author={Riley, Steven and Fraser, Christophe and Donnelly, Christl A and Ghani, Azra C and Abu-Raddad, Laith J and Hedley, Anthony J and Leung, Gabriel M and Ho, Lai-Ming and Lam, Tai-Hing and Thach, Thuan Q and others},
  journal={Science},
  volume={300},
  number={5627},
  pages={1961--1966},
  year={2003},
  publisher={American Association for the Advancement of Science}
}
@article{eubank2004modelling,
  title={Modelling disease outbreaks in realistic urban social networks},
  author={Eubank, Stephen and Guclu, Hasan and Kumar, VS Anil and Marathe, Madhav V and Srinivasan, Aravind and Toroczkai, Zoltan and Wang, Nan},
  journal={Nature},
  volume={429},
  number={6988},
  pages={180--184},
  year={2004},
  publisher={Nature Publishing Group}
}
@article{durrett1994importance,
  title={The importance of being discrete (and spatial)},
  author={Durrett, Richard and Levin, Simon},
  journal={Theoretical population biology},
  volume={46},
  number={3},
  pages={363--394},
  year={1994},
  publisher={Elsevier}
}
@article{myers1967concurrent,
  title={Concurrent isolation from patient of two arboviruses, Chikungunya and dengue type 2},
  author={Myers, Ruth M and Carey, Donald E},
  journal={Science},
  volume={157},
  number={3794},
  pages={1307--1308},
  year={1967},
  publisher={American Association for the Advancement of Science}
}
@article{read2003disease,
  title={Disease evolution on networks: the role of contact structure},
  author={Read, Jonathan M and Keeling, Matt J},
  journal={Proceedings of the Royal Society of London B: Biological Sciences},
  volume={270},
  number={1516},
  pages={699--708},
  year={2003},
  publisher={The Royal Society}
}
@article{queyriaux2008clinical,
  title={Clinical burden of chikungunya virus infection},
  author={Queyriaux, Benjamin and Simon, Fabrice and Grandadam, Marc and Michel, R{\'e}my and Tolou, Hugues and Boutin, Jean-Paul},
  journal={The Lancet infectious diseases},
  volume={8},
  number={1},
  pages={2--3},
  year={2008},
  publisher={Elsevier}
}
@article{nimmannitya1969dengue,
  title={Dengue and chikungunya virus infection in man in Thailand, 1962-64. I. Observations on hospitalized patients with hemorrhagic fever.},
  author={Nimmannitya, Suchitra and Halstead, Scott B and Cohen, Sanford N and Margiotta, Mark R and others},
  journal={American journal of tropical medicine and hygiene},
  volume={18},
  number={6, Pt. 1},
  pages={954--71},
  year={1969}
}
@article{brighton1983chikungunya,
  title={Chikungunya virus infection. A retrospective study of 107 cases.},
  author={Brighton, SW and Prozesky, OW and De La Harpe, AL},
  journal={South African medical journal= Suid-Afrikaanse tydskrif vir geneeskunde},
  volume={63},
  number={9},
  pages={313--315},
  year={1983}
}
@article{borgherini2008persistent,
  title={Persistent arthralgia associated with chikungunya virus: a study of 88 adult patients on reunion island},
  author={Borgherini, Gianandrea and Poubeau, Patrice and Jossaume, Annie and Gouix, Arnaud and Cotte, Liliane and Michault, Alain and Arvin-Berod, Claude and Paganin, Fabrice},
  journal={Clinical Infectious Diseases},
  volume={47},
  number={4},
  pages={469--475},
  year={2008},
  publisher={Oxford University Press}
}
@article{sissoko2009post,
  title={Post-epidemic Chikungunya disease on Reunion Island: course of rheumatic manifestations and associated factors over a 15-month period},
  author={Sissoko, Daouda and Malvy, Denis and Ezzedine, Khaled and Renault, Philippe and Moscetti, Frederic and Ledrans, Martine and Pierre, Vincent},
  journal={PLoS Negl Trop Dis},
  volume={3},
  number={3},
  pages={e389},
  year={2009},
  publisher={Public Library of Science}
}
@misc{openflights,
  author = {Open-Flights},
  title = {www.OpenFlights.org},
  year = 2014,
  url = {http://openflights.org},
  urldate = {2016-04-17}
}
